@article{page1999pagerank,
  title={The PageRank citation ranking: bringing order to the web.},
  author={Page, Lawrence and Brin, Sergey and Motwani, Rajeev and Winograd, Terry},
  year={1999},
  publisher={Stanford InfoLab}
}

@online{pict,
 author  = "Wikimedia Commons",
 title   = "Plaques of Lambda Phages on E. coli XL1-Blue MRF",
 year    = "2007",
 urlseen = "03-02-13",
 url     = "https://commons.wikimedia.org/wiki/File%3aLambdaPlaques.jpg",
 note    = "File: \ttfamily{LambdaPlaques.jpg}",
}

@article{page1999asdpagerank,
  title={The PageRank citation ranking: bringing order to the web.},
  author={Page, Lawrence and Brin, Sergey and Motwani, Rajeev and Winograd, Terry},
  year={1999},
  publisher={Stanford InfoLab}
}

@online{pasdfct,
 author  = "Wikimedia Commons",
 title   = "Plaques of Lambda Phages on E. coli XL1-Blue MRF",
 year    = "2007",
 urlseen = "03-02-13",
 url     = "https://commons.wikimedia.org/wiki/File%3aLambdaPlaques.jpg",
 note    = "File: \ttfamily{LambdaPlaques.jpg}",
}

@article{page199fdsa9pagerank,
  title={The PageRank citation ranking: bringing order to the web.},
  author={Page, Lawrence and Brin, Sergey and Motwani, Rajeev and Winograd, Terry},
  year={1999},
  publisher={Stanford InfoLab}
}

@online{piasdfct,
 author  = "Wikimedia Commons",
 title   = "Plaques of Lambda Phages on E. coli XL1-Blue MRF",
 year    = "2007",
 urlseen = "03-02-13",
 url     = "https://commons.wikimedia.org/wiki/File%3aLambdaPlaques.jpg",
 note    = "File: \ttfamily{LambdaPlaques.jpg}",
}